@inproceedings{kohn01,
  title={Redirected walking},
  author={Razzaque, Sharif and Kohn, Zachariah and Whitton, Mary C},
  booktitle={Proceedings of EUROGRAPHICS},
  volume={9},
  pages={105--106},
  year={2001},
  organization={Citeseer}
}

@article{neth12,
  title={Velocity-dependent dynamic curvature gain for redirected walking},
  author={Neth, Christian T and Souman, Jan L and Engel, David and Kloos, Uwe and Bulthoff, Heinrich H and Mohler, Betty J},
  journal={Visualization and Computer Graphics, IEEE Transactions on},
  volume={18},
  number={7},
  pages={1041--1052},
  year={2012},
  publisher={IEEE}
}

@inproceedings{suma11,
  title={Leveraging change blindness for redirection in virtual environments},
  author={Suma, Evan A and Clark, Seth and Krum, D and Finkelstein, S and Bolas, M and Warte, Z},
  booktitle={Virtual Reality Conference (VR), 2011 IEEE},
  pages={159--166},
  year={2011},
  organization={IEEE}
}

@inproceedings{bruder08,
  title={Analyses of human sensitivity to redirected walking},
  author={Steinicke, Frank and Bruder, Gerd and Jerald, Jason and Frenz, Harald and Lappe, Markus},
  booktitle={Proceedings of the 2008 ACM symposium on Virtual reality software and technology},
  pages={149--156},
  year={2008},
  organization={ACM}
}

@inproceedings{engel08,
  title={A psychophysically calibrated controller for navigating through large environments in a limited free-walking space},
  author={Engel, David and Curio, Crist{\'o}bal and Tcheang, Lili and Mohler, Betty and B{\"u}lthoff, Heinrich H},
  booktitle={Proceedings of the 2008 ACM symposium on Virtual reality software and technology},
  pages={157--164},
  year={2008},
  organization={ACM}
}

@article{maesen13,
  title={Scalable optical tracking for navigating large virtual environments using spatially encoded markers},
  author={Maesen, Steven and Goorts, Patrik and Bekaert, Philippe},
  year={2013},
  publisher={ACM}
}

@article{peck09,
  title={Evaluation of reorientation techniques and distractors for walking in large virtual environments},
  author={Peck, Tabitha C and Fuchs, Henry and Whitton, Mary C},
  journal={Visualization and Computer Graphics, IEEE Transactions on},
  volume={15},
  number={3},
  pages={383--394},
  year={2009},
  publisher={IEEE}
}

@inproceedings{mohler07,
  title={Gait parameters while walking in a head-mounted display virtual environment and the real world},
  author={Mohler, Betty J and Campos, Jennifer L and Weyel, M and B{\"u}lthoff, Heinrich H},
  booktitle={Proceedings of the 13th Eurographics Symposium on Virtual Environments},
  pages={85--88},
  year={2007}
}

@article{steinicke09,
  title={Real walking through virtual environments by redirection techniques},
  author={Steinicke, Frank and Bruder, Gerd and Hinrichs, Klaus and Jerald, Jason and Frenz, Harald and Lappe, Markus and Herder, Jens and Richir, Simon and Thouvenin, Indira},
  journal={Journal of Virtual Reality and Broadcasting},
  volume={6},
  number={2},
  year={2009}
}

@article{loomis03,
  title={Visual perception of egocentric distance in real and virtual environments.},
  author={Loomis, Jack and Knapp, Joshua},
  year={2003},
  publisher={Lawrence Erlbaum Associates Publishers}
}

@article{banton05,
  title={The perception of walking speed in a virtual environment},
  author={Banton, Tom and Stefanucci, Jeanine and Durgin, Frank and Fass, Adam and Proffitt, Dennis},
  journal={Presence: Teleoperators and Virtual Environments},
  volume={14},
  number={4},
  pages={394--406},
  year={2005},
  publisher={MIT Press}
}

@article{frenz07,
  title={Estimation of travel distance from visual motion in virtual environments},
  author={Frenz, Harald and Lappe, Markus and Kolesnik, Marina and B{\"u}hrmann, Thomas},
  journal={ACM Transactions on Applied Perception (TAP)},
  volume={4},
  number={1},
  pages={3},
  year={2007},
  publisher={ACM}
}